@online{webrender,
 author               = {Sean McCurry and JooYoung Seo},
 date                 = {2018-05-01},
 keywords             = {Web Accessibility},
 title                = {AROW: Accessible RMarkdown Online Writer},
 url                  = {http://www.arowtool.com},
 urldate              = {2018-09-21},
 }
