@Manual{R-bookdown,
  title = {bookdown: Authoring Books and Technical Documents with R Markdown},
  author = {Yihui Xie},
  year = {2019},
  note = {R package version 0.16.2},
  url = {https://github.com/rstudio/bookdown},
}
@Manual{R-BrailleR,
  title = {BrailleR: Improved Access for Blind Users},
  author = {A. Jonathan R. Godfrey and Debra Warren and Paul Murrell and Timothy Bilton and Volker Sorge},
  year = {2019},
  note = {R package version 0.30.0},
  url = {https://CRAN.R-project.org/package=BrailleR},
}
@Manual{R-distill,
  title = {distill: 'R Markdown' Format for Scientific and Technical Writing},
  author = {JJ Allaire and Rich Iannone and Yihui Xie},
  year = {2019},
  note = {R package version 0.7},
  url = {https://github.com/rstudio/distill},
}
@Manual{R-wordcountaddin,
  title = {wordcountaddin: Word counts and readability statistics in R markdown documents},
  author = {Ben Marwick},
  year = {2019},
  note = {R package version 0.3.0.9000},
}
@Book{bookdown2016,
  title = {bookdown: Authoring Books and Technical Documents with {R} Markdown},
  author = {Yihui Xie},
  publisher = {Chapman and Hall/CRC},
  address = {Boca Raton, Florida},
  year = {2016},
  note = {ISBN 978-1138700109},
  url = {https://github.com/rstudio/bookdown},
}
