%%
%% WinShell 3.3.2.6
%% http://www.winshell.org/
%%

% Strings


% Preamble


% BibTeX Entries
@manual{R-edmdown,
 author               = {JooYoung Seo},
 note                 = {R package version 0.0.0.9000},
 title                = {edmdown: Writing a Reproducible Article for Journal of Educational DataMining in R Markdown},
 url                  = {https://github.com/jooyoungseo/edmdown},
 year                 = {2020},
 }

@manual{R-ezviewr,
 author               = {JooYoung Seo},
 note                 = {R package version 0.1.0},
 title                = {ezviewr: View Tidy Data in Preferable Spreadsheet},
 url                  = {https://github.com/jooyoungseo/ezviewr},
 year                 = {2019},
 }

@manual{R-jladown,
 author               = {JooYoung Seo and Joshua M. Rosenberg},
 note                 = {R package version 0.0.0.9000},
 title                = {jladown: Writing a Reproducible Article for Journal of Learning Analytics in R Markdown},
 url                  = {https://github.com/jooyoungseo/jladown},
 year                 = {2020},
 }

@manual{R-tactileR,
 author               = {JooYoung Seo},
 note                 = {R package version 0.1.0},
 title                = {tactileR: Converting R Graphics into a Braille Ready-to-Print PDF},
 url                  = {https://github.com/jooyoungseo/tactileR},
 year                 = {2019},
 }

@manual{webrender,
 author               = {JooYoung Seo and Sean McCurry},
 year                 = {2019},
 keywords             = {Web Accessibility},
 title                = {AROW: Accessible RMarkdown Online Writer},
 url                  = {http://www.arowtool.com},
 }

@Manual{R-islsdown,
  title = {islsdown: Writing a Reproducible Conference Paper for the International
Society of the Learning Sciences Annual Meeting in R Markdown},
  author = {JooYoung Seo and Timmy Chan and Joseph E. Michaelis and Joshua M. Rosenberg},
  year = {2020},
  note = {R package version 0.0.0.9000},
  url = {https://github.com/jooyoungseo/islsdown},
}
