%%
%% WinShell 3.3.2.6
%% http://www.winshell.org/
%%

% Strings


% Preamble


% BibTeX Entries
@article{doi:10.1080/03601234.2020.1853459,
author = { Leandro   Bianchi  and  Samara M.   Perissato  and  Vitor M.   Anunciato  and  Roque C.   Dias  and  Diego Munhoz   Gomes  and  Caio A.   Carbonari  and  Edivaldo D.   Velini },
title = {Stimulation action of mefenpyr-diethyl on soybean, wheat, and signal grass plants},
journal = {Journal of Environmental Science and Health, Part B},
volume = {0},
number = {0},
pages = {1-5},
year  = {2020},
publisher = {Taylor & Francis},
doi = {10.1080/03601234.2020.1853459},
URL = { 
        https://www.tandfonline.com/doi/abs/10.1080/03601234.2020.1853459
 },
eprint = { 
        https://www.tandfonline.com/doi/pdf/10.1080/03601234.2020.1853459
}
}

@article{bianchi2020effects,
  title={Effects of glyphosate and clethodim alone and in mixture in sourgrass (Digitaria insularis)},
  author={Bianchi, Leandro and Anunciato, Vitor M and Gazola, Tiago and Perissato, Samara Moreira and de Carvalho Dias, Roque and Tropaldi, Leandro and Carbonari, Caio A and Velini, Edivaldo D},
  journal={Crop Protection},
  volume={138},
  pages={105322},
  year={2020},
  publisher={Elsevier}
}

@article{de2020efeito,
  title={EFEITO DO SEL{\^E}NIO COMO PROTETOR QU{\'I}MICO NA SELETIVIDADE INICIAL DE HERBICIDAS APLICADOS EM P{\'O}S EMERG{\^E}NCIA DE Urochloa decumbens},
  author={de Carvalho Dias, Roque and Tropaldi, Leandro and Bianchi, Leandro and Anunciato, Vitor Muller and Gomes, Diego Munhoz and Carbonari, Caio Antonio and Velini, Edivaldo Domingues},
  journal={Revista Brasileira de Herbicidas},
  volume={19},
  number={2},
  pages={710--1},
  year={2020}
}

@article{dias2020herbicides,
  title={Herbicides selectivity on seedlings of White Leadtree (Leucaena leucocephala)},
  author={Dias, Roque Carvalho and Gomes, Diego Munhoz and Anunciato, Vitor Muller and Bianchi, Leandro and Carbonari, Caio Antonio and Velini, Edivaldo Domingues},
  journal={Cient{\'\i}fica},
  volume={48},
  number={1},
  pages={56--66},
  year={2020}
}

@article{dias2019seleccao,
  title={Sele{\c{c}}{\~a}o de esp{\'e}cies bioindicadoras para o herbicida indaziflam},
  author={Dias, Roque Carvalho and Gomes, Diego Munhoz and Anunciato, Vitor Muller and Bianchi, Leandro and Sim{\~o}es, Plinio Saulo and Carbonari, Caio Antonio and Velini, Edivaldo Domingues},
  journal={Revista Brasileira de Herbicidas},
  volume={18},
  number={2},
  pages={650--1},
  year={2019}
}

@article{meschede2015absorption,
  title={Absorption and translocation tolerance of glyphosate},
  author={Meschede, Dana Katia and da Silva, Fabio Evengelista and Fernandes, Daiane and Olveira, Eli Carlos and de Moraes Gomes, Marli and Anunciato, Vitor Muller},
  journal={African Journal of Agricultural Research},
  volume={10},
  number={52},
  pages={4738--4747},
  year={2015},
  publisher={Academic Journals}
}