
@inproceedings{seo2019discovering,
 author               = {JooYoung Seo},
 booktitle            = {The First International Conference on Quantitative Ethnography: Doctoral Consortium},
 pages                = {S66--S67},
 location             = {Madison, WI},
 title                = {Discovering Informal Learning Cultures of Blind Individuals Pursuing STEM Disciplines: A Quantitative Ethnography Using Listserv Archives},
 year                 = {2019},
 note = {Awarded the best Doctoral Consortium Proposal Cengage fellowship}
 }

@inproceedings{choi2019exploring,
 author               = {Soyoung Choi and JooYoung Seo and Lisa Kitko},
 booktitle            = {The First International Conference on Quantitative Ethnography: Poster Session},
 pages                = {S8--S9},
 location             = {Madison, WI},
 title                = {Exploring the Lived Experience of a Family Member with Advanced Heart Failure: Using a Text Mining Approach},
 year                 = {2019},
 }
