@Manual{R-ezpickr,
  title = {ezpickr: Easy Data Import Using GUI File Picker and Seamless
Communication Between an Excel and R},
  author = {JooYoung Seo and Soyoung Choi},
  year = {2019},
  note = {R package version 2.0.0},
  url = {https://CRAN.R-project.org/package=ezpickr},
}
@Manual{R-mboxr,
  title = {mboxr: Reading, Extracting, and Converting an Mbox File into a Tibble},
  author = {JooYoung Seo and Soyoung Choi},
  year = {2019},
  note = {R package version 0.2.0},
  url = {https://CRAN.R-project.org/package=mboxr},
}
@Manual{R-youtubecaption,
  title = {youtubecaption: Downloading YouTube Subtitle Transcription in a Tidy Tibble Data
Frame},
  author = {JooYoung Seo and Soyoung Choi},
  year = {2019},
  note = {R package version 0.1.3},
  url = {https://CRAN.R-project.org/package=youtubecaption},
}

@manual{R-jladown,
 author               = {JooYoung Seo},
 note                 = {R package version 0.0.0.9000},
 title                = {jladown: Writing a Reproducible Article for Journal of Learning Analyticsin R Markdown},
 url                  = {https://github.com/jooyoungseo/jladown},
 year                 = {2020},
 }

@manual{R-edmdown,
 author               = {JooYoung Seo},
 note                 = {R package version 0.0.0.9000},
 title                = {edmdown: Writing a Reproducible Article for Journal of Educational DataMining in R Markdown},
 url                  = {https://github.com/jooyoungseo/edmdown},
 year                 = {2020},
 }
