%%
%% WinShell 3.3.2.6
%% http://www.winshell.org/
%%

% Strings


% Preamble


% BibTeX Entries
@incollection{seo2017embracing,
 address              = {Philadelphia, PA},
 author               = {Seo, JooYoung and AlQahtani, Mona and Ouyang, Xueying and Borge, Marcela},
  AUTHOR+an = {1=highlight},
 booktitle            = {Making a Difference: Prioritizing Equity and Access in CSCL, 12th International Conference on Computer Supported Collaborative Learning (CSCL) 2017},
 editor               = {Smith, B K and Borge, M and Mercier, E and Lim, K Y},
 publisher            = {International Society of the Learning Sciences (ISLS)},
 title                = {Embracing Learners With Visual Impairments in CSCL},
 volume               = {2},
 year                 = {2017},
 }

@incollection{seo2018accessibility,
 address              = {London, UK},
 author               = {Seo, JooYoung and Richard, Gabriela T},
  AUTHOR+an = {1=highlight},
 booktitle            = {Rethinking Learning in the Digital Age: Making the Learning Sciences Count, 13th International Conference of the Learning Sciences (ICLS) 2018},
 editor               = {Kay, J and Luckin, R},
 pages                = {1755-1757},
 publisher            = {International Society of the Learning Sciences (ISLS)},
 title                = {Accessibility, making and tactile robotics: Facilitating collaborative learning and computational thinking for learners with visual impairments},
 volume               = {3},
 year                 = {2018},
 }

@article{seo2019arow,
 address              = {Northridge, CA},
 author               = {JooYoung Seo and Sean McCurry},
  AUTHOR+an = {1=highlight},
 editor               = {Miesenberger, Klaus and Ruiz, Shirley and Santiago, Julia},
 journal              = {Journal on Technology and Persons with Disabilities},
 pages                = {157--171},
 publisher            = {California State University},
 title                = {LaTeX is NOT Easy: Creating Accessible Scientific Documents With R Markdown},
 volume               = {7},
 year                 = {2019},
 }

@article{seo2019maker,
 author               = {JooYoung Seo},
  AUTHOR+an = {1=highlight},
 doi                  = {10.1007/s11528-019-00377-3},
 journal              = {{TechTrends}},
 number               = {5},
 pages                = {514--520},
 publisher            = {Springer Science and Business Media {LLC}},
 title                = {Is the Maker Movement Inclusive of {ANYONE}?: Three Accessibility Considerations to Invite Blind Makers to the Making World},
 url                  = {https://doi.org/10.1007%2Fs11528-019-00377-3},
 volume               = {63},
 year                 = {2019},
 }

@article{mentalhealth,
  author = {Soyoung Choi and JooYoung Seo},
  title = {An Exploratory Study of the Research on Caregiver Depression: Using Bibliometrics and LDA Topic Modeling},
 journal              = {Issues in Mental Health Nursing},
 pubstate              = {in press},
 doi              = {10.1080/01612840.2019.1705944}
}

@incollection{seo2020coding,
 pubstate              = {in press},
 address              = {Nashville, TN},
 author               = {Seo, JooYoung and Richard, Gabriela T},
 booktitle            = {Interdisciplinarity in the Learning Sciences, 14th International Conference of the Learning Sciences (ICLS) 2020},
 editor               = {Melissa Gresalfi and Ilana Horn},
 publisher            = {International Society of the Learning Sciences (ISLS)},
 title                = {Coding Through Touch: Exploring and Re-Designing Tactile Making Activities with Learners with Visual Dis/abilities},
 }
